<?xml version="1.0" encoding="UTF-8"?><collection xmlns="http://www.loc.gov/MARC21/slim"><record><leader>00523nam--2200181-i-4500</leader><controlfield tag="001">000003474</controlfield><controlfield tag="002">20161230</controlfield><controlfield tag="005">20161230201025</controlfield><controlfield tag="008">060222s1000------------r-----000-0-fre-d</controlfield><datafield ind1=" " ind2=" " tag="040"><subfield code="a">IFIN-HH</subfield></datafield><datafield ind1=" " ind2=" " tag="041"><subfield code="a">fre</subfield></datafield><datafield ind1=" " ind2=" " tag="080"><subfield code="a">537.531</subfield></datafield><datafield ind1="1" ind2=" " tag="100"><subfield code="a">Brasseur, Henri</subfield></datafield><datafield ind1="1" ind2="0" tag="245"><subfield code="a">Les rayons x et leurs applications</subfield><subfield code="b">Suivi d'exercices rediges en collaboration avec j.-m. lejeune</subfield><subfield code="c">Henri brasseur</subfield></datafield><datafield ind1=" " ind2=" " tag="260"><subfield code="a">Liege</subfield><subfield code="b">Editions Desoer</subfield><subfield code="c">1945</subfield></datafield><datafield ind1=" " ind2=" " tag="300"><subfield code="a">366 P. + XLVII</subfield></datafield><datafield ind1=" " ind2=" " tag="852"><subfield code="a">3883</subfield><subfield code="c">537.531</subfield></datafield><datafield ind1=" " ind2=" " tag="CAT"><subfield code="a">Sys</subfield><subfield code="c">20110805</subfield><subfield code="h">134958</subfield></datafield></record></collection>